@article{jahromi2009approach,
	title={An approach to power transformer asset management using health index},
	author={Jahromi, A and Piercy, Ray and Cress, Stephen and Service, J and Fan, Wang},
	journal={IEEE Electrical Insulation Magazine},
	volume={25},
	number={2},
	pages={20--34},
	year={2009},
	publisher={IEEE}
}

@article{alqudsi2019application,
	title={Application of machine learning in transformer health index prediction},
	author={Alqudsi, Alhaytham and El-Hag, Ayman},
	journal={Energies},
	volume={12},
	number={14},
	pages={2694},
	year={2019},
	publisher={Multidisciplinary Digital Publishing Institute}
}

@article{xiong2004_dscForSensorNetworks, 
author={Zixiang Xiong and A. D. Liveris and S. Cheng}, 
journal={IEEE Signal Processing Magazine}, 
title={Distributed source coding for sensor networks}, 
year={2004}, 
volume={21}, 
number={5}, 
pages={80-94}, 
month={Sept}
}

@INPROCEEDINGS{arqInMultihop, 
	author={Soo-Yong Jeon and Dong-Ho Cho}, 
	booktitle={IEEE VTC Spring 2008}, 
	title={Modelling and Analysis of {ARQ} Mechanisms for Wireless Multi-Hop Relay System},
	month={May}, 
	pages={2436-2440}
}

@book{networkGamal,
  title={Network Information Theory},
  author={Gamal, A.E. and Kim, Y.H.},
  isbn={9781139503143},
  year={2011},
  publisher={Cambridge University Press}
}

@misc{koike2015method,
  title={Method and system for communicating multimedia using reconfigurable rateless codes and decoding in-process status feedback},
  author={Koike-Akino, T. and Soerensen, J.H. and Orlik, P.},
  url={https://www.google.com/patents/US9215457},
  year={2015},
  month=dec # "~15",
  publisher={Google Patents},
  note={US Patent 9,215,457}
}